@InProceedings{poselets,
  author       = "Lubomir Bourdev and Subhransu Maji and Thomas Brox and Jitendra Malik",
  title        = "Detecting People Using Mutually Consistent Poselet Activations",
  booktitle    = "European Conference on Computer Vision (ECCV)",
  year         = "2010",
  url          = "http://www.eecs.berkeley.edu/~lbourdev/poselets"
}
@inproceedings{beyond_bags,
 author = {Lazebnik, Svetlana and Schmid, Cordelia and Ponce, Jean},
 title = {Beyond Bags of Features: Spatial Pyramid Matching for Recognizing Natural Scene Categories},
 booktitle = {Proceedings of the 2006 IEEE Computer Society Conference on Computer Vision and Pattern Recognition - Volume 2},
 series = {CVPR '06},
 year = {2006},
 isbn = {0-7695-2597-0},
 pages = {2169--2178},
 numpages = {10},
 url = {http://dx.doi.org/10.1109/CVPR.2006.68},
 doi = {10.1109/CVPR.2006.68},
 acmid = {1153549},
 publisher = {IEEE Computer Society},
 address = {Washington, DC, USA},
} 
@MISC{object_bank,
    author = {Li-jia Li and Hao Su and Eric P. Xing and Li Fei-fei},
    title = {Object Bank: A High-Level Image Representation for Scene Classification and Semantic Feature Sparsification},
    year = {}
}
@inproceedings{SUN,
  author    = {Jianxiong Xiao and
               James Hays and
               Krista A. Ehinger and
               Aude Oliva and
               Antonio Torralba},
  title     = {SUN database: Large-scale scene recognition from abbey to
               zoo},
  booktitle = {CVPR},
  year      = {2010},
  pages     = {3485-3492},
  ee        = {http://dx.doi.org/10.1109/CVPR.2010.5539970},
  }
@inproceedings{HOG,
  author    = {Navneet Dalal and
               Bill Triggs},
  title     = {Histograms of Oriented Gradients for Human Detection},
  booktitle = {CVPR (1)},
  year      = {2005},
  pages     = {886-893},
  ee        = {http://dx.doi.org/10.1109/CVPR.2005.177},
  }
@inproceedings{sift,
  author    = {David G. Lowe},
  title     = {Towards a Computational Model for Object Recognition in
               IT Cortex},
  booktitle = {Biologically Motivated Computer Vision},
  year      = {2000},
  pages     = {20-31},
  ee        = {http://dx.doi.org/10.1007/3-540-45482-9_3},
  }
  @article{gist,
 author = {Oliva, Aude and Torralba, Antonio},
 title = {Modeling the Shape of the Scene: A Holistic Representation of the Spatial Envelope},
 journal = {Int. J. Comput. Vision},
 issue_date = {May-June 2001},
 volume = {42},
 number = {3},
 month = may,
 year = {2001},
 issn = {0920-5691},
 pages = {145--175},
 numpages = {31},
 url = {http://dx.doi.org/10.1023/A:1011139631724},
 doi = {10.1023/A:1011139631724},
 acmid = {598462},
 publisher = {Kluwer Academic Publishers},
 address = {Hingham, MA, USA},
 keywords = {energy spectrum, natural images, principal components, scene recognition, spatial layout},
} 
@inproceedings{poselets_actions,
  author    = {Subhransu Maji and
               Lubomir D. Bourdev and
               Jitendra Malik},
  title     = {Action recognition from a distributed representation of
               pose and appearance},
  booktitle = {CVPR},
  year      = {2011},
  pages     = {3177-3184},
  ee        = {http://dx.doi.org/10.1109/CVPR.2011.5995631},
  crossref  = {DBLP:conf/cvpr/2011},
  bibsource = {DBLP, http://dblp.uni-trier.de}
}

@proceedings{DBLP:conf/cvpr/2011,
  title     = {The 24th IEEE Conference on Computer Vision and Pattern
               Recognition, CVPR 2011, Colorado Springs, CO, USA, 20-25
               June 2011},
  booktitle = {CVPR},
  publisher = {IEEE},
  year      = {2011},
  bibsource = {DBLP, http://dblp.uni-trier.de}
}
@article{libsvm,
 author = {Chang, Chih-Chung and Lin, Chih-Jen},
 title = {{LIBSVM}: A library for support vector machines},
 journal = {ACM Transactions on Intelligent Systems and Technology},
 volume = {2},
 issue = {3},
 year = {2011},
 pages = {27:1--27:27}
}